@article{guyon-elisseeff-03,
  title   = "An Introduction to Variable and Feature Selection",
  author  = "I. Guyon and A. Elisseeff",
  journal = "JMLR",
  volume  = "3",
  month   = MAR,
  pages   = "1157-1182",
  year    = 2003
}

@techreport{guyon2007causalreport,
  author      = {I. Guyon and C. Aliferis and A. Elisseeff},
  title       = {Causal Feature Selection},
  institution = {Clopinet},
  year        = 2007,
  type        = {Technical Report },
  source      = {\url{http://clopinet.com/isabelle/Papers/causalFS.pdf}}
}

@article{troyanskaya2001missing,
  title={Missing value estimation methods for DNA microarrays},
  author={Troyanskaya, Olga and Cantor, Michael and Sherlock, Gavin and Brown, Pat and Hastie, Trevor and Tibshirani, Robert and Botstein, David and Altman, Russ B},
  journal={Bioinformatics},
  volume={17},
  number={6},
  pages={520--525},
  year={2001},
  publisher={Oxford Univ Press}
}

@article{frey2007clustering,
  title={Clustering by passing messages between data points},
  author={Frey, Brendan J and Dueck, Delbert},
  journal={science},
  volume={315},
  number={5814},
  pages={972--976},
  year={2007},
  publisher={American Association for the Advancement of Science}
}
@article{comaniciu2002mean,
  title={Mean shift: A robust approach toward feature space analysis},
  author={Comaniciu, Dorin and Meer, Peter},
  journal={Pattern Analysis and Machine Intelligence, IEEE Transactions on},
  volume={24},
  number={5},
  pages={603--619},
  year={2002},
  publisher={IEEE}
}
@article{shi2000normalized,
  title={Normalized cuts and image segmentation},
  author={Shi, Jianbo and Malik, Jitendra},
  journal={Pattern Analysis and Machine Intelligence, IEEE Transactions on},
  volume={22},
  number={8},
  pages={888--905},
  year={2000},
  publisher={IEEE}
}

@book{hastie2009unsupervised,
  title={Unsupervised learning},
  author={Hastie, Trevor and Tibshirani, Robert and Friedman, Jerome},
  year={2009},
  publisher={Springer}
}

@article{van2008visualizing,
  title={Visualizing data using t-SNE},
  author={Van der Maaten, Laurens and Hinton, Geoffrey},
  journal={Journal of Machine Learning Research},
  volume={9},
  number={2579-2605},
  pages={85},
  year={2008}
}

@book{jolliffe2002principal,
  title={Principal component analysis},
  author={Jolliffe, Ian},
  year={2002},
  publisher={Wiley Online Library}
}

@book{friedman2001elements,
  title={The elements of statistical learning},
  author={Friedman, Jerome and Hastie, Trevor and Tibshirani, Robert},
  volume={1},
  year={2001},
  publisher={Springer series in statistics Springer, Berlin}
}

@article{bishop2006pattern,
  title={Pattern Recognition},
  author={Bishop, Christopher M},
  journal={Machine Learning},
  year={2006}
}

@book{borg2005modern,
  title={Modern multidimensional scaling: Theory and applications},
  author={Borg, Ingwer and Groenen, Patrick JF},
  year={2005},
  publisher={Springer Science \& Business Media}
}

@article{roweis2000nonlinear,
  title={Nonlinear dimensionality reduction by locally linear embedding},
  author={Roweis, Sam T and Saul, Lawrence K},
  journal={Science},
  volume={290},
  number={5500},
  pages={2323--2326},
  year={2000},
  publisher={American Association for the Advancement of Science}
}

@article{ng2002spectral,
  title={On spectral clustering: Analysis and an algorithm},
  author={Ng, Andrew Y and Jordan, Michael I and Weiss, Yair and others},
  journal={Advances in neural information processing systems},
  volume={2},
  pages={849--856},
  year={2002},
  publisher={MIT; 1998}
}

@article{tenenbaum2000global,
  title={A global geometric framework for nonlinear dimensionality reduction},
  author={Tenenbaum, Joshua B and De Silva, Vin and Langford, John C},
  journal={science},
  volume={290},
  number={5500},
  pages={2319--2323},
  year={2000},
  publisher={American Association for the Advancement of Science}
}

@incollection{scholkopf1997kernel,
  title={Kernel principal component analysis},
  author={Sch{\"o}lkopf, Bernhard and Smola, Alexander and M{\"u}ller, Klaus-Robert},
  booktitle={Artificial Neural Networksâ€”ICANN'97},
  pages={583--588},
  year={1997},
  publisher={Springer}
}

@article{halko2011finding,
  title={Finding structure with randomness: Probabilistic algorithms for constructing approximate matrix decompositions},
  author={Halko, Nathan and Martinsson, Per-Gunnar and Tropp, Joel A},
  journal={SIAM review},
  volume={53},
  number={2},
  pages={217--288},
  year={2011},
  publisher={SIAM}
}

@article{ross2008incremental,
  title={Incremental learning for robust visual tracking},
  author={Ross, David A and Lim, Jongwoo and Lin, Ruei-Sung and Yang, Ming-Hsuan},
  journal={International Journal of Computer Vision},
  volume={77},
  number={1-3},
  pages={125--141},
  year={2008},
  publisher={Springer}
}

@article{scikit-learn,
 title={Scikit-learn: Machine Learning in {P}ython},
 author={Pedregosa, F. and Varoquaux, G. and Gramfort, A. and Michel, V.
         and Thirion, B. and Grisel, O. and Blondel, M. and Prettenhofer, P.
         and Weiss, R. and Dubourg, V. and Vanderplas, J. and Passos, A. and
         Cournapeau, D. and Brucher, M. and Perrot, M. and Duchesnay, E.},
 journal={Journal of Machine Learning Research},
 volume={12},
 pages={2825--2830},
 year={2011}
}

@inproceedings{sklearn_api,
  author    = {Lars Buitinck and Gilles Louppe and Mathieu Blondel and
               Fabian Pedregosa and Andreas Mueller and Olivier Grisel and
               Vlad Niculae and Peter Prettenhofer and Alexandre Gramfort
               and Jaques Grobler and Robert Layton and Jake VanderPlas and
               Arnaud Joly and Brian Holt and Ga{\"{e}}l Varoquaux},
  title     = {{API} design for machine learning software: experiences from the scikit-learn
               project},
  booktitle = {ECML PKDD Workshop: Languages for Data Mining and Machine Learning},
  year      = {2013},
  pages = {108--122},
}
